@online{wired2016,
  author       = {Davey Alba},
  title        = {The Amazon Echo Is Winning the Race to a Screenless Future},
  year         = {2016},
  month        = jun,
  day          = {23},
  url          = {https://www.wired.com/2016/06/amazon-echo-winning-race-screenless-future/},
  note         = {Entrevista com David Limp (SVP, Amazon Devices)},
  organization = {Wired}
}

@online{nestjs2024,
  author       = {{NestJS}},
  title        = {NestJS Documentation},
  year         = {2024},
  url          = {https://docs.nestjs.com/},
  note         = {Acesso em: 17 set. 2025},
  organization = {NestJS}
}

@article{major2021alexa,
  author    = {Major, David J. and Huang, Danny Yuxing and Chetty, Marshini and Feamster, Nick},
  title     = {Alexa, Who Am I Speaking To?: Understanding Users' Ability to Identify Third-Party Apps on Amazon Alexa},
  journal   = {ACM Transactions on Internet Technology},
  volume    = {22},
  number    = {1},
  articleno = {11},
  year      = {2021},
  month     = sep,
  doi       = {10.1145/3446389},
  url       = {https://dl.acm.org/doi/10.1145/3446389}
}

@online{forbes2024,
  author       = {Talita Taliberti},
  title        = {Alexa na casa dos brasileiros cresce 50\%; veja o que muda com avanço da IA},
  year         = {2024},
  month        = {4},
  day          = {8},
  url          = {https://forbes.com.br/forbes-tech/2024/04/alexa-na-casa-dos-brasileiros-cresce-50-veja-o-que-muda-com-avanco-da-ia/},
  note         = {Acesso em: 17 set. 2025},
  organization = {Forbes Brasil}
}

@article{silva2021,
  author    = {Silva, Weskley Damasceno and Pereira, Silas Santiago Lopes and Pereira, Daniel Santiago and Costa, Michell Olívio Xavier},
  title     = {Um sistema baseado em machine learning para apoio à decisão no gerenciamento de produção apícola},
  journal   = {Revista Brasileira de Agrotecnologia},
  volume    = {11},
  number    = {1},
  pages     = {8--19},
  year      = {2021},
  month     = {1},
  doi       = {10.18378/rebagro.v11i1.8679},
  url       = {https://www.gvaa.com.br/revista/index.php/REBAGRO/article/view/8679},
  note      = {Acesso em: 17 set. 2025}
}
